%% Saved with string encoding Unicode (UTF-8) 

@article{autor-titulo-ano,
  title={TÃ­tulo},
  author={Autor},
  journal={Revista},
  number={1},
  pages={1-999},
  year={2},
  publisher={Editora}
}
